@misc{aspire,
  howpublished = {\url{http://spr.math.princeton.edu}},
}

@misc{nobel,
	howpublished = {\url{https://www.nobelprize.org/nobel_prizes/chemistry/laureates/2017/
	}},
}

@article{abbe2017multireference,
	title={Multireference Alignment is Easier with an Aperiodic Translation Distribution},
	author={Abbe, Emmanuel and Bendory, Tamir and Leeb, William and Pereira, Jo{\~a}o and Sharon, Nir and Singer, Amit},
	journal={arXiv preprint arXiv:1710.02793},
	year={2017}
}

@article{bauschke2004rrr,
	title = "Finding best approximation pairs relative to two closed convex sets in {H}ilbert spaces",
	journal = "Journal of Approximation Theory",
	volume = "127",
	number = "2",
	pages = "178--192",
	year = "2004",
	doi = "https://doi.org/10.1016/j.jat.2004.02.006",
	author = "Heinz H. Bauschke and Patrick L. Combettes and D.Russell Luke",
}

@Article{elser2017rrr,
	author="Elser, Veit",
	title="Matrix product constraints by projection methods",
	journal="Journal of Global Optimization",
	year="2017",
	volume="68",
	number="2",
	pages="329--355",
	doi="10.1007/s10898-016-0466-9",
}



@article{abbe2017sample,
	title={Sample complexity of the boolean multireference alignment problem},
	author={Abbe, Emmanuel and Pereira, Joao and Singer, Amit},
	journal={arXiv preprint arXiv:1701.07540},
	year={2017}
}

@article{abbe2018estimation,
	title={Estimation in the group action channel},
	author={Abbe, Emmanuel and Pereira, Jo{\~a}o M and Singer, Amit},
	journal={arXiv preprint arXiv:1801.04366},
	year={2018}
}


@article{abed1997blind,
	title={Blind system identification},
	author={Abed-Meraim, Karim and Qiu, Wanzhi and Hua, Yingbo},
	journal={Proceedings of the IEEE},
	volume={85},
	number={8},
	pages={1310--1322},
	year={1997},
	publisher={IEEE}
}


@article{adler1976level,
	title={Level crossings for random fields},
	author={Adler, Robert J and Hasofer, AM},
	journal={The annals of Probability},
	pages={1--12},
	year={1976},
	publisher={JSTOR}
}


@article{aguerrebere2016fundamental,
	title={Fundamental limits in multi-image alignment},
	author={Aguerrebere, Cecilia and Delbracio, Mauricio and Bartesaghi, Alberto and Sapiro, Guillermo},
	journal={IEEE Transactions on Signal Processing},
	volume={64},
	number={21},
	pages={5707--5722},
	year={2016},
	publisher={IEEE}
}


@article{ahmed2014blind,
	title={Blind deconvolution using convex programming},
	author={Ahmed, Ali and Recht, Benjamin and Romberg, Justin},
	journal={IEEE Transactions on Information Theory},
	volume={60},
	number={3},
	pages={1711--1732},
	year={2014},
	publisher={IEEE}
}

@article{andrieu2001bayesian,
	title={Bayesian deconvolution of noisy filtered point processes},
	author={Andrieu, Christophe and Barat, {\'E}ric and Doucet, Arnaud},
	journal={IEEE Transactions on Signal Processing},
	volume={49},
	number={1},
	pages={134--146},
	year={2001},
	publisher={IEEE}
}


@article{arbelaez2011experimental,
	title={Experimental evaluation of support vector machine-based and correlation-based approaches to automatic particle selection},
	author={Arbel{\'a}ez, Pablo and Han, Bong-Gyoon and Typke, Dieter and Lim, Joseph and Glaeser, Robert M and Malik, Jitendra},
	journal={Journal of Structural Biology},
	volume={175},
	number={3},
	pages={319--328},
	year={2011},
	publisher={Elsevier}
}


@article{ayers1988iterative,
	title={Iterative blind deconvolution method and its applications},
	author={Ayers, GR and Dainty, J Christopher},
	journal={Optics letters},
	volume={13},
	number={7},
	pages={547--549},
	year={1988},
	publisher={Optical Society of America}
}


@article{azais2015spike,
	title={Spike detection from inaccurate samplings},
	author={Azais, Jean-Marc and De Castro, Yohann and Gamboa, Fabrice},
	journal={Applied and Computational Harmonic Analysis},
	volume={38},
	number={2},
	pages={177--195},
	year={2015},
	publisher={Elsevier}
}

@inproceedings{bandeira2014multireference,
	title={Multireference alignment using semidefinite programming},
	author={Bandeira, Afonso S and Charikar, Moses and Singer, Amit and Zhu, Andy},
	booktitle={Proceedings of the 5th conference on Innovations in theoretical computer science},
	pages={459--470},
	year={2014},
	organization={ACM}
}

@article{bandeira2015non,
	title={Non-unique games over compact groups and orientation estimation in cryo-em},
	author={Bandeira, Afonso S and Chen, Yutong and Singer, Amit},
	journal={arXiv preprint arXiv:1505.03840},
	year={2015}
}

@article{bandeira2017optimal,
	title={Optimal rates of estimation for multi-reference alignment},
	author={Bandeira, Afonso and Rigollet, Philippe and Weed, Jonathan},
	journal={arXiv preprint arXiv:1702.08546},
	year={2017}
}


@article{bandeira2017estimation,
	title={Estimation under group actions: recovering orbits from invariants},
	author={Bandeira, Afonso S and Blum-Smith, Ben and Perry, Amelia and Weed, Jonathan and Wein, Alexander S},
	journal={arXiv preprint arXiv:1712.10163},
	year={2017}
}


@article{bartesaghi20152,
	title={2.2 {\AA} resolution cryo-EM structure of $\beta$-galactosidase in complex with a cell-permeant inhibitor},
	author={Bartesaghi, Alberto and Merk, Alan and Banerjee, Soojay and Matthies, Doreen and Wu, Xiongwu and Milne, Jacqueline LS and Subramaniam, Sriram},
	journal={Science},
	volume={348},
	number={6239},
	pages={1147--1151},
	year={2015},
	publisher={American Association for the Advancement of Science}
}

@article{beinert2015ambiguities,
	title={Ambiguities in one-dimensional discrete phase retrieval from Fourier magnitudes},
	author={Beinert, Robert and Plonka, Gerlind},
	journal={Journal of Fourier Analysis and Applications},
	volume={21},
	number={6},
	pages={1169--1198},
	year={2015},
	publisher={Springer}
}



@article{bendory2017bispectrum,
	title={Bispectrum Inversion with Application to Multireference Alignment},
	author={Bendory, Tamir and Boumal, Nicolas and Ma, Chao and Zhao, Zhizhen and Singer, Amit},
	journal={arXiv preprint arXiv:1705.00641},
	year={2017}
}


@article{bendory2018estimation,
	title={Estimation below the detection limit with application to cryo-EM},
	author={Bendory, Tamir and Boumal, Nicolas and Leeb, William and Levin, Eitan and Singer, Amit},
	journal={preprint},
	year={2018}
}


@article{bendory2016robust,
	title={Robust recovery of stream of pulses using convex optimization},
	author={Bendory, Tamir and Dekel, Shai and Feuer, Arie},
	journal={Journal of Mathematical Analysis and Applications},
	volume={442},
	number={2},
	pages={511--536},
	year={2016},
	publisher={Elsevier}
}


@incollection{bendory2017fourier,
	title={Fourier phase retrieval: Uniqueness and algorithms},
	author={Bendory, Tamir and Beinert, Robert and Eldar, Yonina C},
	booktitle={Compressed Sensing and its Applications},
	pages={55--91},
	year={2017},
	publisher={Springer}
}


@article{bendory2017robust,
	title={Robust recovery of positive stream of pulses},
	author={Bendory, Tamir},
	journal={IEEE Transactions on Signal Processing},
	volume={65},
	number={8},
	pages={2114--2122},
	year={2017},
	publisher={IEEE}
}

@article{bendory2016stable,
	title={Stable Support Recovery of Stream of Pulses With Application to Ultrasound Imaging.},
	author={Bendory, Tamir and Bar-Zion, Avinoam David and Adam, Dan and Dekel, Shai and Feuer, Arie},
	journal={IEEE Trans. Signal Processing},
	volume={64},
	number={14},
	pages={3750--3759},
	year={2016}
}

@article{benveniste1980robust,
	title={Robust identification of a nonminimum phase system: Blind adjustment of a linear equalizer in data communications},
	author={Benveniste, Albert and Goursat, Maurice and Ruget, Gabriel},
	journal={IEEE Transactions on Automatic Control},
	volume={25},
	number={3},
	pages={385--399},
	year={1980},
	publisher={IEEE}
}


@article{boyer2017adapting,
	title={Adapting to unknown noise level in sparse deconvolution},
	author={Boyer, Claire and De Castro, Yohann and Salmon, Joseph},
	journal={Information and Inference: A Journal of the IMA},
	pages={iaw024},
	year={2017},
	publisher={Oxford University Press}
}

@article{boumal2017heterogeneous,
	title={Heterogeneous multireference alignment: a single pass approach},
	author={Boumal, Nicolas and Bendory, Tamir and Lederman, Roy R and Singer, Amit},
	journal={arXiv preprint arXiv:1710.02590},
	year={2017}
}

@Article{manopt,
	Title                    = {{M}anopt, a {M}atlab Toolbox for Optimization on Manifolds},
	Author                   = {Boumal, N. and Mishra, B. and Absil, P.-A. and Sepulchre, R.},
	Journal                  = {Journal of Machine Learning Research},
	Year                     = {2014},
	Pages                    = {1455--1459},
	Volume                   = {15},
	
	Url                      = {http://www.manopt.org}
}


@article{bernstein2017deconvolution,
	title={Deconvolution of Point Sources: A Sampling Theorem and Robustness Guarantees},
	author={Bernstein, Brett and Fernandez-Granda, Carlos},
	journal={arXiv preprint arXiv:1707.00808},
	year={2017}
}

@article{bottegal2016robust,
	title={Robust {EM} kernel-based methods for linear system identification},
	author={Bottegal, Giulio and Aravkin, Aleksandr Y and Hjalmarsson, H{\aa}kan and Pillonetto, Gianluigi},
	journal={Automatica},
	volume={67},
	pages={114--126},
	year={2016},
	publisher={Elsevier}
}


@book{campisi2016blind,
	title={Blind image deconvolution: theory and applications},
	author={Campisi, Patrizio and Egiazarian, Karen},
	year={2016},
	publisher={CRC press}
}

@article{cappe1999simulation,
	title={Simulation-based methods for blind maximum-likelihood filter identification},
	author={Capp{\'e}, Olivier and Doucet, Arnaud and Lavielle, Marc and Moulines, Eric},
	journal={Signal processing},
	volume={73},
	number={1-2},
	pages={3--25},
	year={1999},
	publisher={Elsevier}
}


@article{chan1998total,
	title={Total variation blind deconvolution},
	author={Chan, Tony F and Wong, Chiu-Kwong},
	journal={IEEE transactions on Image Processing},
	volume={7},
	number={3},
	pages={370--375},
	year={1998},
	publisher={IEEE}
}


@article{chi2016guaranteed,
	title={Guaranteed blind sparse spikes deconvolution via lifting and convex optimization},
	author={Chi, Yuejie},
	journal={IEEE Journal of Selected Topics in Signal Processing},
	volume={10},
	number={4},
	pages={782--794},
	year={2016},
	publisher={IEEE}
}

@inproceedings{choudhary2014sparse,
	title={Sparse blind deconvolution: What cannot be done},
	author={Choudhary, Sunav and Mitra, Urbashi},
	booktitle={Information Theory (ISIT), 2014 IEEE International Symposium on},
	pages={3002--3006},
	year={2014},
	organization={IEEE}
}


@article{denoyelle2017support,
	title={Support recovery for sparse super-resolution of positive measures},
	author={Denoyelle, Quentin and Duval, Vincent and Peyr{\'e}, Gabriel},
	journal={Journal of Fourier Analysis and Applications},
	volume={23},
	number={5},
	pages={1153--1194},
	year={2017},
	publisher={Springer}
}

@article{de2012exact,
	title={Exact reconstruction using Beurling minimal extrapolation},
	author={De Castro, Yohann and Gamboa, Fabrice},
	journal={Journal of Mathematical Analysis and applications},
	volume={395},
	number={1},
	pages={336--354},
	year={2012},
	publisher={Elsevier}
}

@article{diamond1992multiple,
	title={On the multiple simultaneous superposition of molecular structures by rigid body transformations},
	author={Diamond, R},
	journal={Protein Science},
	volume={1},
	number={10},
	pages={1279--1287},
	year={1992},
	publisher={Wiley Online Library}
}

@article{dinuzzo2015kernels,
	title={Kernels for linear time invariant system identification},
	author={Dinuzzo, Francesco},
	journal={SIAM Journal on Control and Optimization},
	volume={53},
	number={5},
	pages={3299--3317},
	year={2015},
	publisher={SIAM}
}


@article{duval2015exact,
	title={Exact support recovery for sparse spikes deconvolution},
	author={Duval, Vincent and Peyr{\'e}, Gabriel},
	journal={Foundations of Computational Mathematics},
	volume={15},
	number={5},
	pages={1315--1355},
	year={2015},
	publisher={Springer}
}

@article{duval2015sparse,
	title={Sparse spikes deconvolution on thin grids},
	author={Duval, Vincent and Peyr{\'e}, Gabriel},
	journal={arXiv preprint arXiv:1503.08577},
	year={2015}
}


@article{foroosh2002extension,
	title={Extension of phase correlation to subpixel registration},
	author={Foroosh, Hassan and Zerubia, Josiane B and Berthod, Marc},
	journal={IEEE transactions on image processing},
	volume={11},
	number={3},
	pages={188--200},
	year={2002},
	publisher={IEEE}
}

@article{frank1983automatic,
	title={Automatic selection of molecular images from electron micrographs},
	author={Frank, Joachim and Wagenknecht, Terence},
	journal={Ultramicroscopy},
	volume={12},
	number={3},
	pages={169--175},
	year={1983},
	publisher={Elsevier}
}

@article{frank2018single,
	title={Single-Particle Reconstruction of Biological Molecules-Story in a Sample (Nobel Lecture)},
	author={Frank, Joachim},
	journal={Angewandte Chemie International Edition},
	year={2018},
	publisher={Wiley Online Library}
}

@article{giannakis1989identification,
	title={Identification of nonminimum phase systems using higher order statistics},
	author={Giannakis, Georgios B and Mendel, Jerry M},
	journal={IEEE Transactions on Acoustics, Speech, and Signal Processing},
	volume={37},
	number={3},
	pages={360--377},
	year={1989},
	publisher={IEEE}
}


@article{gogineni2017passive,
	title={Passive Radar Detection with Noisy Reference Channel Using Principal Subspace Similarity},
	author={Gogineni, Sandeep and Setlur, Pawan and Rangaswamy, Muralidhar and Nadakuditi, Raj Rao},
	journal={IEEE Transactions on Aerospace and Electronic Systems},
	year={2017},
	publisher={IEEE}
}

@article{kormylo1983identifiability,
	title={Identifiability of nonminimum phase linear stochastic systems},
	author={Kormylo, John and Mendel, J},
	journal={IEEE transactions on automatic control},
	volume={28},
	number={12},
	pages={1081--1090},
	year={1983},
	publisher={IEEE}
}

@article{hadani2011representation,
	title={Representation theoretic patterns in three dimensional Cryo-Electron Microscopy I: The intrinsic reconstitution algorithm},
	author={Hadani, Ronny and Singer, Amit},
	journal={Annals of mathematics},
	volume={174},
	number={2},
	pages={1219},
	year={2011},
	publisher={NIH Public Access}
}

@article{henderson2013avoiding,
	title={Avoiding the pitfalls of single particle cryo-electron microscopy: Einstein from noise},
	author={Henderson, Richard},
	journal={Proceedings of the National Academy of Sciences},
	volume={110},
	number={45},
	pages={18037--18041},
	year={2013},
	publisher={National Acad Sciences}
}

@article{henderson1995limitations,
	title={The potential and limitations of neutrons, electrons and {X}-rays for atomic resolution microscopy of unstained biological molecules},
	author={Henderson, Richard},
	journal={Quarterly reviews of biophysics},
	volume={28},
	number={2},
	pages={171--193},
	year={1995},
	publisher={Cambridge University Press}
}

@article{glaeser1999electron,
	title={Electron crystallography: present excitement, a nod to the past, anticipating the future},
	author={Glaeser, Robert M},
	journal={Journal of structural biology},
	volume={128},
	number={1},
	pages={3--14},
	year={1999},
	publisher={Elsevier}
}

@article{khoshouei2017cryo,
	title={Cryo-{EM} structure of haemoglobin at 3.2 {\AA} determined with the {V}olta phase plate},
	author={Khoshouei, Maryam and Radjainia, Mazdak and Baumeister, Wolfgang and Danev, Radostin},
	journal={Nature communications},
	volume={8},
	pages={16099},
	year={2017},
	publisher={Nature Publishing Group}
}

@article {liu2018nearatomic,
	author = {Liu, Yuxi and Gonen, Shane and Gonen, Tamir and Yeates, Todd O.},
	title = {Near-atomic cryo-{EM} imaging of a small protein displayed on a designed scaffolding system},
	year = {2018},
	doi = {10.1073/pnas.1718825115},
	publisher = {National Academy of Sciences},
	journal = {Proceedings of the National Academy of Sciences}
}

@article{liang2017phase,
	title={Phase-plate cryo-{EM} structure of a class {B} {GPCR}--{G}-protein complex},
	author={Liang, Yi-Lynn and Khoshouei, Maryam and Radjainia, Mazdak and Zhang, Yan and Glukhova, Alisa and Tarrasch, Jeffrey and Thal, David M and Furness, Sebastian GB and Christopoulos, George and Coudrat, Thomas and others},
	journal={Nature},
	volume={546},
	number={7656},
	pages={118},
	year={2017},
	publisher={Nature Publishing Group}
}


@article{vanheel2013finding,
	title={Finding trimeric {HIV}-1 envelope glycoproteins in random noise},
	author={van Heel, Marin},
	journal={Proceedings of the National Academy of Sciences},
	volume={110},
	number={45},
	pages={E4175--E4177},
	year={2013},
	publisher={National Acad Sciences}
}

@article{vanheel1992correlation,
	title={Correlation functions revisited},
	author={van Heel, Marin and Schatz, Michael and Orlova, Elena},
	journal={Ultramicroscopy},
	volume={46},
	number={1--4},
	pages={307--316},
	year={1992},
	publisher={Elsevier}
}


@article{heimowitz2018apple,
	title={APPLE Picker: Automatic Particle Picking, a Low-Effort Cryo-EM Framework},
	author={Heimowitz, Ayelet and Singer, Amit and others},
	journal={arXiv preprint arXiv:1802.00469},
	year={2018}
}


@article{hasofer1976mean,
	title={The mean number of maxima above high levels in Gaussian random fields},
	author={Hasofer, AM},
	journal={Journal of Applied Probability},
	volume={13},
	number={2},
	pages={377--379},
	year={1976},
	publisher={Cambridge University Press}
}


@article{hayes1982reconstruction,
	title={The reconstruction of a multidimensional sequence from the phase or magnitude of its Fourier transform},
	author={Hayes, MHMH},
	journal={IEEE Transactions on Acoustics, Speech, and Signal Processing},
	volume={30},
	number={2},
	pages={140--154},
	year={1982},
	publisher={IEEE}
}


@article{hayes1982reducible,
	title={Reducible polynomials in more than one variable},
	author={Hayes, Monson H and McClellan, James H},
	journal={Proceedings of the IEEE},
	volume={70},
	number={2},
	pages={197--198},
	year={1982},
	publisher={IEEE}
}

@article{harauz1989automatic,
	title={Automatic selection of macromolecules from electron micrographs by component labelling and symbolic processing},
	author={Harauz, George and Fong-Lochovsky, Amelia},
	journal={Ultramicroscopy},
	volume={31},
	number={4},
	pages={333--344},
	year={1989},
	publisher={Elsevier}
}


@article{jefferies1993restoration,
  title={Restoration of astronomical images by iterative blind deconvolution},
  author={Jefferies, Stuart M and Christou, Julian C},
  journal={The Astrophysical Journal},
  volume={415},
  pages={862},
  year={1993}
}


@article{kam1980reconstruction,
	title={The reconstruction of structure from electron micrographs of randomly oriented particles},
	author={Kam, Zvi},
	journal={Journal of Theoretical Biology},
	volume={82},
	number={1},
	pages={15--39},
	year={1980},
	publisher={Elsevier}
}


@article{kech2017optimal,
	title={Optimal injectivity conditions for bilinear inverse problems with applications to identifiability of deconvolution problems},
	author={Kech, Michael and Krahmer, Felix},
	journal={SIAM Journal on Applied Algebra and Geometry},
	volume={1},
	number={1},
	pages={20--37},
	year={2017},
	publisher={SIAM}
}


@inproceedings{krishnan2011blind,
	title={Blind deconvolution using a normalized sparsity measure},
	author={Krishnan, Dilip and Tay, Terence and Fergus, Rob},
	booktitle={Computer Vision and Pattern Recognition (CVPR), 2011 IEEE Conference on},
	pages={233--240},
	year={2011},
	organization={IEEE}
}

@article{kundur1996blind,
	title={Blind image deconvolution},
	author={Kundur, Deepa and Hatzinakos, Dimitrios},
	journal={IEEE signal processing magazine},
	volume={13},
	number={3},
	pages={43--64},
	year={1996},
	publisher={IEEE}
}

@article{kuhlbrandt2014resolution,
	title={The resolution revolution},
	author={K{\"u}hlbrandt, Werner},
	journal={Science},
	volume={343},
	number={6178},
	pages={1443--1444},
	year={2014},
	publisher={American Association for the Advancement of Science}
}

@article{landa2017steerable,
	title={Steerable principal components for space-frequency localized images},
	author={Landa, Boris and Shkolnisky, Yoel},
	journal={SIAM journal on imaging sciences},
	volume={10},
	number={2},
	pages={508--534},
	year={2017},
	publisher={SIAM}
}


@article{langlois2014automated,
	title={Automated particle picking for low-contrast macromolecules in cryo-electron microscopy},
	author={Langlois, Robert and Pallesen, Jesper and Ash, Jordan T and Ho, Danny Nam and Rubinstein, John L and Frank, Joachim},
	journal={Journal of structural biology},
	volume={186},
	number={1},
	pages={1--7},
	year={2014},
	publisher={Elsevier}
}


@article{lee2017blind,
	title={Blind recovery of sparse signals from subsampled convolution},
	author={Lee, Kiryung and Li, Yanjun and Junge, Marius and Bresler, Yoram},
	journal={IEEE Transactions on Information Theory},
	volume={63},
	number={2},
	pages={802--821},
	year={2017},
	publisher={IEEE}
}

@article{levin20173d,
	title={{3D} ab initio modeling in cryo-EM by autocorrelation analysis},
	author={Levin, Eitan and Bendory, Tamir and Boumal, Nicolas and Kileel, Joe and Singer, Amit},
	journal={arXiv preprint arXiv:1710.08076},
	year={2017}
}


@article{levin2011understanding,
	title={Understanding blind deconvolution algorithms},
	author={Levin, Anat and Weiss, Yair and Durand, Fredo and Freeman, William T},
	journal={IEEE transactions on pattern analysis and machine intelligence},
	volume={33},
	number={12},
	pages={2354--2367},
	year={2011},
	publisher={IEEE}
}

@inproceedings{levin2009understanding,
	title={Understanding and evaluating blind deconvolution algorithms},
	author={Levin, Anat and Weiss, Yair and Durand, Fredo and Freeman, William T},
	booktitle={Computer Vision and Pattern Recognition, 2009. CVPR 2009. IEEE Conference on},
	pages={1964--1971},
	year={2009},
	organization={IEEE}
}


@article{lewicki1998review,
	title={A review of methods for spike sorting: the detection and classification of neural action potentials},
	author={Lewicki, Michael S},
	journal={Network: Computation in Neural Systems},
	volume={9},
	number={4},
	pages={R53--R78},
	year={1998},
	publisher={Taylor \& Francis}
}


@article{li2015unified,
	title={A unified framework for identifiability analysis in bilinear inverse problems with applications to subspace and sparsity models},
	author={Li, Yanjun and Lee, Kiryung and Bresler, Yoram},
	journal={arXiv preprint arXiv:1501.06120},
	year={2015}
}

@article{li2016identifiability,
	title={Identifiability in blind deconvolution with subspace or sparsity constraints},
	author={Li, Yanjun and Lee, Kiryung and Bresler, Yoram},
	journal={IEEE Transactions on Information Theory},
	volume={62},
	number={7},
	pages={4266--4275},
	year={2016},
	publisher={IEEE}
}


@article{li2016rapid,
	title={Rapid, robust, and reliable blind deconvolution via nonconvex optimization},
	author={Li, Xiaodong and Ling, Shuyang and Strohmer, Thomas and Wei, Ke},
	journal={arXiv preprint arXiv:1606.04933},
	year={2016}
}


@article{lii1982deconvolution,
	title={Deconvolution and estimation of transfer function phase and coefficients for nongaussian linear processes},
	author={Lii, KS and Rosenblatt, M and others},
	journal={The annals of statistics},
	volume={10},
	number={4},
	pages={1195--1208},
	year={1982},
	publisher={Institute of Mathematical Statistics}
}


@inproceedings{lin2005relevant,
	title={Relevant deconvolution for acoustic source estimation},
	author={Lin, Yuanqing and Lee, Daniel D},
	booktitle={Acoustics, Speech, and Signal Processing, 2005. Proceedings.(ICASSP'05). IEEE International Conference on},
	volume={5},
	pages={v--529},
	year={2005},
	organization={IEEE}
}

@article{ling2015self,
	title={Self-calibration and biconvex compressive sensing},
	author={Ling, Shuyang and Strohmer, Thomas},
	journal={Inverse Problems},
	volume={31},
	number={11},
	pages={115002},
	year={2015},
	publisher={IOP Publishing}
}

@article{ling2017blind,
	title={Blind deconvolution meets blind demixing: Algorithms and performance bounds},
	author={Ling, Shuyang and Strohmer, Thomas},
	journal={IEEE Transactions on Information Theory},
	volume={63},
	number={7},
	pages={4497--4520},
	year={2017},
	publisher={IEEE}
}

@incollection{ljung1998system,
	title={System identification},
	author={Ljung, Lennart},
	booktitle={Signal analysis and prediction},
	pages={163--173},
	year={1998},
	publisher={Springer}
}

@inproceedings{michaeli2014blind,
	title={Blind deblurring using internal patch recurrence},
	author={Michaeli, Tomer and Irani, Michal},
	booktitle={European Conference on Computer Vision},
	pages={783--798},
	year={2014},
	organization={Springer}
}

@book{natterer1986mathematics,
  title={The mathematics of computerized tomography},
  author={Natterer, Frank},
  volume={32},
  year={1986},
  publisher={SIAM}
}

@misc{nobel,
	howpublished = {\url{https://www.nobelprize.org/nobel_prizes/chemistry/laureates/2017/press.html}}
}


@article{ogura2004automatic,
	title={Automatic particle pickup method using a neural network has high accuracy by applying an initial weight derived from eigenimages: a new reference free method for single-particle analysis},
	author={Ogura, Toshihiko and Sato, Chikara},
	journal={Journal of structural biology},
	volume={145},
	number={1-2},
	pages={63--75},
	year={2004},
	publisher={Elsevier}
}


@article{perry2017sample,
	title={The sample complexity of multi-reference alignment},
	author={Perry, Amelia and Weed, Jonathan and Bandeira, Afonso and Rigollet, Philippe and Singer, Amit},
	journal={arXiv preprint arXiv:1707.00943},
	year={2017}
}

@article{pillonetto2010new,
	title={A new kernel-based approach for linear system identification},
	author={Pillonetto, Gianluigi and De Nicolao, Giuseppe},
	journal={Automatica},
	volume={46},
	number={1},
	pages={81--93},
	year={2010},
	publisher={Elsevier}
}


@article{rabiner1989tutorial,
	title={A tutorial on hidden Markov models and selected applications in speech recognition},
	author={Rabiner, Lawrence R},
	journal={Proceedings of the IEEE},
	volume={77},
	number={2},
	pages={257--286},
	year={1989},
	publisher={Ieee}
}


@article{scheres2015semi,
	title={Semi-automated selection of cryo-EM particles in RELION-1.3},
	author={Scheres, Sjors HW},
	journal={Journal of structural biology},
	volume={189},
	number={2},
	pages={114--122},
	year={2015},
	publisher={Elsevier}
}

@article{scheres2012relion,
	title={{RELION}: implementation of a Bayesian approach to cryo-EM structure determination},
	author={Scheres, Sjors HW},
	journal={Journal of structural biology},
	volume={180},
	number={3},
	pages={519--530},
	year={2012},
	publisher={Elsevier}
}

@article{singer2018mathematics,
	title={Mathematics for cryo-electron microscopy},
	author={Singer, Amit},
	journal={arXiv preprint arXiv:1803.06714},
	year={2018}
}


@article{singer2011three,
	title={Three-dimensional structure determination from common lines in cryo-EM by eigenvectors and semidefinite programming},
	author={Singer, Amit and Shkolnisky, Yoel},
	journal={SIAM journal on imaging sciences},
	volume={4},
	number={2},
	pages={543--572},
	year={2011},
	publisher={SIAM}
}


@article{sirohi20163,
	title={The 3.8 {\AA} resolution cryo-{EM} structure of {Z}ika virus},
	author={Sirohi, Devika and Chen, Zhenguo and Sun, Lei and Klose, Thomas and Pierson, Theodore C and Rossmann, Michael G and Kuhn, Richard J},
	journal={Science},
	volume={352},
	number={6284},
	pages={467--470},
	year={2016},
	publisher={American Association for the Advancement of Science}
}


@article{shalvi1990new,
	title={New criteria for blind deconvolution of nonminimum phase systems (channels)},
	author={Shalvi, Ofir and Weinstein, Ehud},
	journal={IEEE Transactions on information theory},
	volume={36},
	number={2},
	pages={312--321},
	year={1990},
	publisher={IEEE}
}


@article{shatsky2009method,
	title={A method for the alignment of heterogeneous macromolecules from electron microscopy},
	author={Shatsky, Maxim and Hall, Richard J and Brenner, Steven E and Glaeser, Robert M},
	journal={Journal of structural biology},
	volume={166},
	number={1},
	pages={67--78},
	year={2009},
	publisher={Elsevier}
}

@article{smith2014beyond,
	title={Beyond blob-ology},
	author={Smith, Martin TJ and Rubinstein, John L},
	journal={Science},
	volume={345},
	number={6197},
	pages={617--619},
	year={2014},
	publisher={American Association for the Advancement of Science}
}


@article{tong1994blind,
	title={Blind identification and equalization based on second-order statistics: A time domain approach},
	author={Tong, Lang and Xu, Guanghan and Kailath, Thomas},
	journal={IEEE Transactions on information Theory},
	volume={40},
	number={2},
	pages={340--349},
	year={1994},
	publisher={IEEE}
}


@inproceedings{tugnait1984identification,
	title={Identification of nonminimum phase linear stochastic systems},
	author={Tugnait, Jitendra},
	booktitle={The 23rd IEEE Conference on Decision and Control},
	number={23},
	pages={342--347},
	year={1984}
}


@incollection{tukey1953,
	author      = "J. W. Tukey",
	title       = " The spectral representation and transformation properties of
	the higher moments of stationary time series",
	editor      = "D. R. Brillinger",
	booktitle   = "The Collected Works of John W. Tukey",
	publisher   = "Wadsworth,",
	year        = 1984,
	pages       = "165-184",
	chapter     = 4,
	volume = 1,
}


@book{van2004detection,
	title={Detection, estimation, and modulation theory},
	author={Van Trees, Harry L},
	year={2004},
	publisher={John Wiley \& Sons}
}


@article{van1987angular,
	title={Angular reconstitution: a posteriori assignment of projection directions for 3D reconstruction},
	author={Van Heel, Marin},
	journal={Ultramicroscopy},
	volume={21},
	number={2},
	pages={111--123},
	year={1987},
	publisher={Elsevier}
}

@article{voss2009dog,
	title={DoG Picker and TiltPicker: software tools to facilitate particle selection in single particle electron microscopy},
	author={Voss, NR and Yoshioka, CK and Radermacher, M and Potter, CS and Carragher, B},
	journal={Journal of structural biology},
	volume={166},
	number={2},
	pages={205--213},
	year={2009},
	publisher={Elsevier}
}


@phdthesis{weinthesis,
	author = {Alex Wein},
	title = {Statistical Estimation in the Presence of Group Actions},
	publisher = { Massachusetts  institute of technology},
	year = {2018}
}

@article{zhao2016fast,
  title={Fast steerable principal component analysis},
  author={Zhao, Zhizhen and Shkolnisky, Yoel and Singer, Amit},
  journal={IEEE transactions on computational imaging},
  volume={2},
  number={1},
  pages={1--12},
  year={2016},
  publisher={IEEE}
}

@article{zhu2016deep,
	title={A deep learning approach to single-particle recognition in cryo-electron microscopy},
	author={Zhu, Yanan and Ouyang, Qi and Mao, Youdong},
	journal={arXiv preprint arXiv:1605.05543},
	year={2016}
}


@article{zwart2003fast,
	title={Fast translation invariant classification of HRR range profiles in a zero phase representation},
	author={Zwart, J Portegies and van der Heiden, Ren{\'e} and Gelsema, Sjoerd and Groen, Frans},
	journal={IEE Proceedings-Radar, Sonar and Navigation},
	volume={150},
	number={6},
	pages={411--418},
	year={2003},
	publisher={IET}
}
